{
  "leader": "02404cam  22005051  4500",
  "fields": [
    {
      "001": "ocm01519813\\"
    },
    {
      "003": "OCoLC"
    },
    {
      "005": "20211112111421.0"
    },
    {
      "008": "820128s1940\\\\\\\\nyuaf\\\\\\\\\\\\\\\\\\000\\0aeng\\\\"
    },
    {
      "007": "ta"
    },
    {
      "010": {
        "ind1": "\\",
        "ind2": "\\",
        "subfields": [
          {
            "a": "   40027726 "
          }
        ]
      }
    },
    {
      "040": {
        "ind1": "\\",
        "ind2": "\\",
        "subfields": [
          {
            "a": "NLM"
          },
          {
            "b": "eng"
          },
          {
            "c": "NLM"
          },
          {
            "d": "JPL"
          },
          {
            "d": "CHS"
          },
          {
            "d": "ORZ"
          },
          {
            "d": "OHI"
          },
          {
            "d": "CGC"
          },
          {
            "d": "DRB"
          },
          {
            "d": "EYM"
          },
          {
            "d": "NIALS"
          },
          {
            "d": "OCLCF"
          },
          {
            "d": "OCLCQ"
          },
          {
            "d": "OCLCO"
          },
          {
            "d": "CNUTO"
          },
          {
            "d": "OCLCQ"
          },
          {
            "d": "NLC"
          },
          {
            "d": "OCLCA"
          },
          {
            "d": "OCLCQ"
          },
          {
            "d": "VNS"
          },
          {
            "d": "OCLCO"
          },
          {
            "d": "OCLCA"
          },
          {
            "d": "OCLCQ"
          },
          {
            "d": "U3G"
          },
          {
            "d": "OCLCQ"
          },
          {
            "d": "OCLCO"
          },
          {
            "d": "TJC"
          },
          {
            "d": "OCLCO"
          },
          {
            "d": "OCLCA"
          },
          {
            "d": "SAR"
          },
          {
            "d": "OCLCO"
          },
          {
            "d": "OCL"
          },
          {
            "d": "NLM"
          },
          {
            "d": "OCLCO"
          },
          {
            "d": "VRC"
          }
        ]
      }
    },
    {
      "016": {
        "ind1": "\\",
        "ind2": "\\",
        "subfields": [
          {
            "a": "(AMICUS)000011606914"
          }
        ]
      }
    },
    {
      "016": {
        "ind1": "7",
        "ind2": "\\",
        "subfields": [
          {
            "a": "55511220R"
          },
          {
            "2": "DNLM"
          }
        ]
      }
    },
    {
      "019": {
        "ind1": "\\",
        "ind2": "\\",
        "subfields": [
          {
            "a": "16741171"
          },
          {
            "a": "37519570"
          },
          {
            "a": "221615629"
          },
          {
            "a": "635956871"
          },
          {
            "a": "978220086"
          },
          {
            "a": "1019344540"
          },
          {
            "a": "1023577192"
          },
          {
            "a": "1039022540"
          },
          {
            "a": "1071642608"
          },
          {
            "a": "1087135980"
          },
          {
            "a": "1179443439"
          },
          {
            "a": "1197652027"
          },
          {
            "a": "1204960820"
          }
        ]
      }
    },
    {
      "035": {
        "ind1": "\\",
        "ind2": "\\",
        "subfields": [
          {
            "a": "(OCoLC)1519813"
          },
          {
            "z": "(OCoLC)16741171"
          },
          {
            "z": "(OCoLC)37519570"
          },
          {
            "z": "(OCoLC)221615629"
          },
          {
            "z": "(OCoLC)635956871"
          },
          {
            "z": "(OCoLC)978220086"
          },
          {
            "z": "(OCoLC)1019344540"
          },
          {
            "z": "(OCoLC)1023577192"
          },
          {
            "z": "(OCoLC)1039022540"
          },
          {
            "z": "(OCoLC)1071642608"
          },
          {
            "z": "(OCoLC)1087135980"
          },
          {
            "z": "(OCoLC)1179443439"
          },
          {
            "z": "(OCoLC)1197652027"
          },
          {
            "z": "(OCoLC)1204960820"
          }
        ]
      }
    },
    {
      "043": {
        "ind1": "\\",
        "ind2": "\\",
        "subfields": [
          {
            "a": "n-us---"
          }
        ]
      }
    },
    {
      "050": {
        "ind1": "\\",
        "ind2": "0",
        "subfields": [
          {
            "a": "LB875.F583"
          },
          {
            "b": "A3"
          }
        ]
      }
    },
    {
      "060": {
        "ind1": "0",
        "ind2": "0",
        "subfields": [
          {
            "a": "WZ 100"
          },
          {
            "b": "F6196i 1940"
          }
        ]
      }
    },
    {
      "082": {
        "ind1": "0",
        "ind2": "4",
        "subfields": [
          {
            "a": "610.711"
          },
          {
            "b": "FLE"
          }
        ]
      }
    },
    {
      "100": {
        "ind1": "1",
        "ind2": "\\",
        "subfields": [
          {
            "a": "Flexner, Abraham,"
          },
          {
            "d": "1866-1959."
          }
        ]
      }
    },
    {
      "245": {
        "ind1": "1",
        "ind2": "0",
        "subfields": [
          {
            "a": "I remember :"
          },
          {
            "b": "the autobiography of Abraham Flexner."
          }
        ]
      }
    },
    {
      "260": {
        "ind1": "\\",
        "ind2": "\\",
        "subfields": [
          {
            "a": "New York :"
          },
          {
            "b": "Simon and Schuster,"
          },
          {
            "c": "1940."
          }
        ]
      }
    },
    {
      "300": {
        "ind1": "\\",
        "ind2": "\\",
        "subfields": [
          {
            "a": "xii, 414 pages :"
          },
          {
            "b": "illustrations, portraits, plates ;"
          },
          {
            "c": "24 cm"
          }
        ]
      }
    },
    {
      "336": {
        "ind1": "\\",
        "ind2": "\\",
        "subfields": [
          {
            "a": "text"
          },
          {
            "b": "txt"
          },
          {
            "2": "rdacontent"
          }
        ]
      }
    },
    {
      "337": {
        "ind1": "\\",
        "ind2": "\\",
        "subfields": [
          {
            "a": "unmediated"
          },
          {
            "b": "n"
          },
          {
            "2": "rdamedia"
          }
        ]
      }
    },
    {
      "338": {
        "ind1": "\\",
        "ind2": "\\",
        "subfields": [
          {
            "a": "volume"
          },
          {
            "b": "nc"
          },
          {
            "2": "rdacarrier"
          }
        ]
      }
    },
    {
      "500": {
        "ind1": "\\",
        "ind2": "\\",
        "subfields": [
          {
            "a": "\"Errata\": slip inserted."
          }
        ]
      }
    },
    {
      "500": {
        "ind1": "\\",
        "ind2": "\\",
        "subfields": [
          {
            "a": "1960 ed. has title: Abraham Flexner: an autobiography."
          }
        ]
      }
    },
    {
      "583": {
        "ind1": "\\",
        "ind2": "\\",
        "subfields": [
          {
            "a": "commitment to retain"
          },
          {
            "c": "20151208"
          },
          {
            "2": "pda"
          },
          {
            "5": "OTUTLD"
          }
        ]
      }
    },
    {
      "600": {
        "ind1": "1",
        "ind2": "0",
        "subfields": [
          {
            "a": "Flexner, Abraham,"
          },
          {
            "d": "1866-1959."
          }
        ]
      }
    },
    {
      "650": {
        "ind1": "\\",
        "ind2": "0",
        "subfields": [
          {
            "a": "Education"
          },
          {
            "z": "United States."
          }
        ]
      }
    },
    {
      "650": {
        "ind1": "\\",
        "ind2": "0",
        "subfields": [
          {
            "a": "Medicine"
          },
          {
            "x": "Study and teaching."
          }
        ]
      }
    },
    {
      "650": {
        "ind1": "\\",
        "ind2": "2",
        "subfields": [
          {
            "a": "Education, Medical."
          }
        ]
      }
    },
    {
      "650": {
        "ind1": "\\",
        "ind2": "7",
        "subfields": [
          {
            "a": "Education."
          },
          {
            "2": "fast"
          },
          {
            "0": "(OCoLC)fst00902499"
          }
        ]
      }
    },
    {
      "650": {
        "ind1": "\\",
        "ind2": "7",
        "subfields": [
          {
            "a": "Medicine"
          },
          {
            "x": "Study and teaching."
          },
          {
            "2": "fast"
          },
          {
            "0": "(OCoLC)fst01015121"
          }
        ]
      }
    },
    {
      "651": {
        "ind1": "\\",
        "ind2": "7",
        "subfields": [
          {
            "a": "United States."
          },
          {
            "2": "fast"
          },
          {
            "0": "(OCoLC)fst01204155"
          }
        ]
      }
    },
    {
      "655": {
        "ind1": "\\",
        "ind2": "2",
        "subfields": [
          {
            "a": "Autobiography."
          }
        ]
      }
    },
    {
      "655": {
        "ind1": "\\",
        "ind2": "7",
        "subfields": [
          {
            "a": "Autobiographies."
          },
          {
            "2": "fast"
          },
          {
            "0": "(OCoLC)fst01919894"
          }
        ]
      }
    },
    {
      "655": {
        "ind1": "\\",
        "ind2": "7",
        "subfields": [
          {
            "a": "Autobiographies."
          },
          {
            "2": "lcgft"
          }
        ]
      }
    },
    {
      "776": {
        "ind1": "0",
        "ind2": "8",
        "subfields": [
          {
            "i": "Also issued on microfilm."
          },
          {
            "d": "Atlanta, Ga. : SOLINET, 1992."
          },
          {
            "h": "1 microfilm reel ; 35 mm."
          },
          {
            "k": "(SOLINET/ASERL Cooperative Microfilming Project (NEH PS-20317) ; SOL MN02000.01 KUK)"
          }
        ]
      }
    },
    {
      "994": {
        "ind1": "\\",
        "ind2": "\\",
        "subfields": [
          {
            "a": "Z0"
          },
          {
            "b": "NYRVC"
          }
        ]
      }
    },
    {
      "948": {
        "ind1": "\\",
        "ind2": "\\",
        "subfields": [
          {
            "h": "NO HOLDINGS IN NYRVC - 405 OTHER HOLDINGS"
          }
        ]
      }
    },
    {
      "999": {
        "ind1": "\\",
        "ind2": "\\",
        "subfields": [
          {
            "a": "00000000012533"
          }
        ]
      }
    },
    {
      "999": {
        "ind1": "\\",
        "ind2": "\\",
        "subfields": [
          {
            "a": "no barcodes on second copy."
          }
        ]
      }
    }
  ]
}